haradayoshiaki@haradayoshiakinoMacBook-puro.local.68729